@inproceedings{tjong2003introduction,
  title={Introduction to the CoNLL-2003 shared task: Language-independent named entity recognition},
  author={Tjong Kim Sang, Erik F and De Meulder, Fien},
  booktitle={Proceedings of the seventh conference on Natural language learning at HLT-NAACL 2003-Volume 4},
  pages={142--147},
  year={2003},
  organization={Association for Computational Linguistics}
}

@inproceedings{florian2003named,
  title={Named entity recognition through classifier combination},
  author={Florian, Radu and Ittycheriah, Abe and Jing, Hongyan and Zhang, Tong},
  booktitle={Proceedings of the seventh conference on Natural language learning at HLT-NAACL 2003-Volume 4},
  pages={168--171},
  year={2003},
  organization={Association for Computational Linguistics}
}

@inproceedings{pinto2003table,
  title={Table extraction using conditional random fields},
  author={Pinto, David and McCallum, Andrew and Wei, Xing and Croft, W Bruce},
  booktitle={Proceedings of the 26th annual international ACM SIGIR conference on Research and development in informaion retrieval},
  pages={235--242},
  year={2003},
  organization={ACM}
}

@article{peng2006information,
  title={Information extraction from research papers using conditional random fields},
  author={Peng, Fuchun and McCallum, Andrew},
  journal={Information Processing \& Management},
  volume={42},
  number={4},
  pages={963--979},
  year={2006},
  publisher={Elsevier}
}

@article{lafferty2001conditional,
  title={Conditional random fields: Probabilistic models for segmenting and labeling sequence data},
  author={Lafferty, John and McCallum, Andrew and Pereira, Fernando CN},
  year={2001}
}

@article{eddy1996hidden,
  title={Hidden markov models},
  author={Eddy, Sean R},
  journal={Current opinion in structural biology},
  volume={6},
  number={3},
  pages={361--365},
  year={1996},
  publisher={Elsevier}
}

@article{cortes1995support,
  title={Support vector machine},
  author={Cortes, Corinna and Vapnik, Vladimir},
  journal={Machine learning},
  volume={20},
  number={3},
  pages={273--297},
  year={1995}
}

@article{singhaldata,
  title={Data Extract: Mining Context from the Web for Dataset Extraction},
  author={Singhal, Ayush and Srivastava, Jaideep}
}